@book{example1970,
    title={Example},
    author={Example},
    year={1970},
}
