@article{example-1970,
	title = {Lorem Ipsum},
	url = {https://www.example.com/},
	urldate = {1970-01-01},
	journal = {Example Journal},
	author = {Doe, John and Doe, Jane},
	month = {01},
	year = {1970},
	pages = {1--999},
}
